<?xml version="1.0" encoding="UTF-8"?><collection xmlns="http://www.loc.gov/MARC21/slim"><record><leader>00332nam--2200133-i-4500</leader><controlfield tag="001">000024114</controlfield><controlfield tag="002">20161230</controlfield><controlfield tag="005">20161230201035</controlfield><controlfield tag="008">060222s1000------------r-----000-0-eng-d</controlfield><datafield ind1=" " ind2=" " tag="020"><subfield code="a">PROCEEDING</subfield></datafield><datafield ind1=" " ind2=" " tag="100"><subfield code="a">Szymanski, A</subfield></datafield><datafield ind1=" " ind2=" " tag="245"><subfield code="a">Wlosinski, w</subfield></datafield><datafield ind1=" " ind2=" " tag="490"><subfield code="a">Waszawa, Pwn-polish Scientific Publishers, 1981. 349p</subfield></datafield><datafield ind1=" " ind2=" " tag="700"><subfield code="a">Iakowlew, B</subfield></datafield></record></collection>